<collection xmlns="http://www.loc.gov/MARC21/slim">
<record>
  <leader>01390nam0a2200277 i 450 </leader>
  <controlfield tag="001">IT\ICCU\CNCE\029659</controlfield>
  <controlfield tag="005">20151126000000.0</controlfield>
  <datafield tag="012" ind1=" " ind2=" ">
    <subfield code="a">a-er neie e.od veni (C) 1509 (R)</subfield>
    <subfield code="2">fei</subfield>
  </datafield>
  <datafield tag="100" ind1=" " ind2=" ">
    <subfield code="a">19971121d1509        0itac0103    ba</subfield>
  </datafield>
  <datafield tag="101" ind1=" " ind2=" ">
    <subfield code="a">LAT</subfield>
  </datafield>
  <datafield tag="102" ind1=" " ind2=" ">
    <subfield code="a">IT</subfield>
  </datafield>
  <datafield tag="200" ind1="1" ind2=" ">
    <subfield code="a">℗Ioannes de Imola ℗super clementinis cum additionibus eximii doctoris domini Laurentij de Folpertis nouiter additis</subfield>
  </datafield>
  <datafield tag="210" ind1=" " ind2=" ">
    <subfield code="e">Impressum Papiae</subfield>
    <subfield code="g">per Bernardinum &amp; Ambrosium fratres de Rouellis</subfield>
    <subfield code="h">1509 die XXVIII Aprilis</subfield>
  </datafield>
  <datafield tag="215" ind1=" " ind2=" ">
    <subfield code="a">\150! c.</subfield>
    <subfield code="d">fol</subfield>
  </datafield>
  <datafield tag="620" ind1=" " ind2=" ">
    <subfield code="a">IT</subfield>
    <subfield code="d">Pavia</subfield>
  </datafield>
  <datafield tag="700" ind1=" " ind2="0">
    <subfield code="a">Giovanni</subfield>
    <subfield code="c"> : da#Imola</subfield>
    <subfield code="3">IT\ICCU\CNCA\003152</subfield>
  </datafield>
  <datafield tag="712" ind1="0" ind2="0">
    <subfield code="a">Rovelli, Bernardino &amp; Rovelli, Ambrogio</subfield>
    <subfield code="3">IT\ICCU\CNCT\000076</subfield>
    <subfield code="4">650</subfield>
  </datafield>
  <datafield tag="790" ind1=" " ind2="0">
    <subfield code="a">Ioannes</subfield>
    <subfield code="c"> : de#Imola</subfield>
    <subfield code="3">IT\ICCU\CNCA\006086</subfield>
    <subfield code="z">Giovanni : da#Imola</subfield>
  </datafield>
  <datafield tag="790" ind1=" " ind2="1">
    <subfield code="a">Imola,</subfield>
    <subfield code="b">Giovanni : da</subfield>
    <subfield code="3">IT\ICCU\CNCA\006087</subfield>
    <subfield code="z">Giovanni : da#Imola</subfield>
  </datafield>
  <datafield tag="790" ind1=" " ind2="1">
    <subfield code="a">Nicoletti,</subfield>
    <subfield code="b">Giovanni</subfield>
    <subfield code="3">IT\ICCU\CNCA\006088</subfield>
    <subfield code="z">Giovanni : da#Imola</subfield>
  </datafield>
  <datafield tag="790" ind1=" " ind2="0">
    <subfield code="a">Joannes</subfield>
    <subfield code="c"> : de#Imola</subfield>
    <subfield code="3">IT\ICCU\CNCA\020261</subfield>
    <subfield code="z">Giovanni : da#Imola</subfield>
  </datafield>
  <datafield tag="791" ind1="0" ind2="0">
    <subfield code="a">Rovelli, Ambrogio</subfield>
    <subfield code="3">IT\ICCU\CNCT\000077</subfield>
    <subfield code="z">Rovelli, Bernardino &amp; Rovelli, Ambrogio</subfield>
  </datafield>
  <datafield tag="791" ind1="0" ind2="0">
    <subfield code="a">Rovellis, Bernardinus de, &amp; Rovellis, Ambrosius de</subfield>
    <subfield code="3">IT\ICCU\CNCT\005414</subfield>
    <subfield code="z">Rovelli, Bernardino &amp; Rovelli, Ambrogio</subfield>
  </datafield>
  <datafield tag="801" ind1=" " ind2="3">
    <subfield code="a">IT</subfield>
    <subfield code="b">ICCU</subfield>
    <subfield code="c">20201114</subfield>
  </datafield>
  <datafield tag="899" ind1=" " ind2=" ">
    <subfield code="a">Biblioteca del Seminario vescovile. Tortona</subfield>
    <subfield code="1">AL0101</subfield>
    <subfield code="2">TO0 GP</subfield>
  </datafield>
  <datafield tag="899" ind1=" " ind2=" ">
    <subfield code="a">Biblioteca civica A. Mai. Bergamo</subfield>
    <subfield code="1">BG0026</subfield>
    <subfield code="2">LO1 02</subfield>
  </datafield>
</record>
</collection>
